<collection xmlns="http://www.loc.gov/MARC21/slim">
<record>
  <leader>01333nam0a2200277 i 450 </leader>
  <controlfield tag="001">IT\ICCU\CNCE\075224</controlfield>
  <controlfield tag="005">20160318000000.0</controlfield>
  <datafield tag="012" ind1=" " ind2=" ">
    <subfield code="a">usni a.um m.t, OrIn (C) 1578 (R)</subfield>
    <subfield code="2">fei</subfield>
  </datafield>
  <datafield tag="100" ind1=" " ind2=" ">
    <subfield code="a">20100426d1578        0itac0103    ba</subfield>
  </datafield>
  <datafield tag="101" ind1=" " ind2=" ">
    <subfield code="a">LAT</subfield>
  </datafield>
  <datafield tag="102" ind1=" " ind2=" ">
    <subfield code="a">IT</subfield>
  </datafield>
  <datafield tag="200" ind1="1" ind2=" ">
    <subfield code="a">℗Francisci Zauae Cremonen. ℗Carmina aliquot Cremae conscripta, genio illustriss. &amp; clariss. Laurentij Priuli p.v. Craema praetoris dicata</subfield>
  </datafield>
  <datafield tag="210" ind1=" " ind2=" ">
    <subfield code="a">Cremonae</subfield>
    <subfield code="c">apud Christophorum Draconium</subfield>
    <subfield code="d">1578</subfield>
  </datafield>
  <datafield tag="215" ind1=" " ind2=" ">
    <subfield code="a">\12! c.</subfield>
    <subfield code="d">4ʻ</subfield>
  </datafield>
  <datafield tag="620" ind1=" " ind2=" ">
    <subfield code="a">IT</subfield>
    <subfield code="d">Cremona</subfield>
  </datafield>
  <datafield tag="700" ind1=" " ind2="1">
    <subfield code="a">Zava,</subfield>
    <subfield code="b">Francesco</subfield>
    <subfield code="3">IT\ICCU\CNCA\009892</subfield>
  </datafield>
  <datafield tag="712" ind1="0" ind2="0">
    <subfield code="a">Draconi, Cristoforo</subfield>
    <subfield code="3">IT\ICCU\CNCT\000063</subfield>
    <subfield code="4">650</subfield>
  </datafield>
  <datafield tag="790" ind1=" " ind2="1">
    <subfield code="a">Zava,</subfield>
    <subfield code="b">Franciscus</subfield>
    <subfield code="3">IT\ICCU\CNCA\025461</subfield>
    <subfield code="z">Zava, Francesco</subfield>
  </datafield>
  <datafield tag="791" ind1="0" ind2="0">
    <subfield code="a">Dragoni, Cristoforo</subfield>
    <subfield code="3">IT\ICCU\CNCT\003781</subfield>
    <subfield code="z">Draconi, Cristoforo</subfield>
  </datafield>
  <datafield tag="791" ind1="0" ind2="0">
    <subfield code="a">Draconius, Christophorus</subfield>
    <subfield code="3">IT\ICCU\CNCT\004736</subfield>
    <subfield code="z">Draconi, Cristoforo</subfield>
  </datafield>
  <datafield tag="801" ind1=" " ind2="3">
    <subfield code="a">IT</subfield>
    <subfield code="b">ICCU</subfield>
    <subfield code="c">20201115</subfield>
  </datafield>
  <datafield tag="899" ind1=" " ind2=" ">
    <subfield code="a">Biblioteca statale. Cremona</subfield>
    <subfield code="1">CR0062</subfield>
    <subfield code="2">LO1 28</subfield>
  </datafield>
  <datafield tag="899" ind1=" " ind2=" ">
    <subfield code="a">Biblioteca Oliveriana. Pesaro</subfield>
    <subfield code="1">PU0061</subfield>
    <subfield code="2">URB OL</subfield>
  </datafield>
  <datafield tag="899" ind1=" " ind2=" ">
    <subfield code="a">Biblioteca universitaria Alessandrina. Roma</subfield>
    <subfield code="1">RM0280</subfield>
    <subfield code="2">RML 01</subfield>
  </datafield>
  <datafield tag="911" ind1=" " ind2=" ">
    <subfield code="a">Sul front.</subfield>
    <subfield code="9">IT\ICCU\CNCM\000010</subfield>
  </datafield>
  <datafield tag="921" ind1=" " ind2=" ">
    <subfield code="a">IT\ICCU\CNCM\000010</subfield>
    <subfield code="b">Drago tiene in un artiglio due chiavi.</subfield>
    <subfield code="e">Aperit prudens sibi clavibus astra.</subfield>
    <subfield code="c">V40</subfield>
    <subfield code="c">Z469</subfield>
    <subfield code="d">Dimensioni: 5,6 x 7,5</subfield>
    <subfield code="f">APERITPRUD</subfield>
    <subfield code="f">ARTIGLIO</subfield>
    <subfield code="f">CHIAVI</subfield>
    <subfield code="f">DRAGO</subfield>
    <subfield code="g">[157.]-1599</subfield>
  </datafield>
</record>
</collection>
